@article{gergely2003teleological,
  title={Teleological reasoning in infancy: The na{\i}ve theory of rational action},
  author={Gergely, Gy{\"o}rgy and Csibra, Gergely},
  journal={Trends in cognitive sciences},
  volume={7},
  number={7},
  pages={287--292},
  year={2003},
  publisher={Elsevier}
}

@inproceedings{wrede2012towards,
  title={Towards robots with teleological action and language understanding},
  author={Wrede, Britta and Rohlfing, Katharina and Steil, Jochen and Wrede, Sebastian and Oudeyer, Pierre-Yves and Tani, Jun and others},
  booktitle={Humanoids 2012 Workshop on Developmental Robotics: Can developmental robotics yield human-like cognitive abilities?},
  year={2012}
}

@article{galantucci2009experimental,
  title={Experimental semiotics: A new approach for studying communication as a form of joint action},
  author={Galantucci, Bruno},
  journal={Topics in Cognitive Science},
  volume={1},
  number={2},
  pages={393--410},
  year={2009},
  publisher={Wiley Online Library}
}

@article{galantucci2005experimental,
  title={An experimental study of the emergence of human communication systems},
  author={Galantucci, Bruno},
  journal={Cognitive science},
  volume={29},
  number={5},
  pages={737--767},
  year={2005},
  publisher={Wiley Online Library}
}

@article{galantucci2011experimental,
  title={Experimental semiotics: a review},
  author={Galantucci, Bruno and Garrod, Simon},
  journal={Frontiers in human neuroscience},
  volume={5},
  year={2011},
  publisher={Frontiers Research Foundation}
}

@article{ware1993foundations,
  title={The foundations of experimental semiotics: a theory of sensory and conventional representation},
  author={Ware, Colin},
  journal={Journal of Visual Languages \& Computing},
  volume={4},
  number={1},
  pages={91--100},
  year={1993},
  publisher={Elsevier}
}


@article{rohlfing2013learning,
    author = "Rohlfing, Katharina J. and Poblete, Juana Salas and Joublin, Frank",
    abstract = "In our study, we aimed at investigating how two years old children make use of the pragmatics in order to learn new words from an ongoing interaction. We operationalized the situational pragmatics making use of the concept of frames as introduced by developmental psychologists. The basic logic was to place 30 children at the age of 27 months in situations, in which they can barely rely on their prior pragmatic knowledge. Instead, they depend on extracting more information from the observed interaction. Our hypothesis was that when learning in unfamiliar frames, children in the indirect teaching condition would take advantage of the demonstrated behavior to identify with one of the communicative partners in order to be able to imitate his/her behavior.",
    year = "submitted",
    journal = "Semantics and Pragmatics",
    title = "Learning new words in unfamiliar frames from direct and indirect teaching"
}

@article{pickering2004toward,
  title={Toward a mechanistic psychology of dialogue},
  author={Pickering, Martin J and Garrod, Simon},
  journal={Behavioral and brain sciences},
  volume={27},
  number={2},
  pages={169--189},
  year={2004},
  publisher={Cambridge Univ Press}
}

@inproceedings{griffiths2012bottom,
  title={Bottom-up learning of feedback in a categorization task},
  author={Griffiths, S. and Nolfi, S. and Morlino, G. and Schillingmann, L. and Kuehnel, S. and Rohlfing, K. and Wrede, B.},
  booktitle={Development and Learning and Epigenetic Robotics (ICDL), 2012 IEEE International Conference on},
  pages={1--6},
  year={2012},
  organization={IEEE}
}

@article{goodwin1995co,
  title={Co-constructing meaning in conversations with an aphasic man},
  author={Goodwin, Charles},
  journal={Research on language and social interaction},
  volume={28},
  number={3},
  pages={233--260},
  year={1995}
}

@article{de2010exploring,
  title={Exploring the cognitive infrastructure of communication},
  author={De Ruiter, Jan Peter and Noordzij, Matthijs L and Newman-Norlund, Sarah and Newman-Norlund, Roger and Hagoort, Peter and Levinson, Stephen C and Toni, Ivan},
  journal={Interaction Studies},
  volume={11},
  number={1},
  pages={51--77},
  year={2010},
  publisher={John Benjamins Publishing Company}
}

@article{allwood1992semantics,
  title={On the semantics and pragmatics of linguistic feedback},
  author={Allwood, Jens and Nivre, Joakim and Ahls{\'e}n, Elisabeth},
  journal={Journal of semantics},
  volume={9},
  number={1},
  pages={1--26},
  year={1992},
  publisher={Oxford Univ Press}
}

@inproceedings{morlino2010developing,
  title={Developing the Ability to Manipulate Objects: A Comparative Study with Human and Artificial Agents},
  author={Morlino, Giuseppe and Gianelli, Claudia and Borghi, Anna M and Nolfi, Stefano},
  booktitle={Processings of the Tenth International Conference on Epigenetic Robotics},
  pages={169--170},
  year={2010}
}

@book{quine1960word,
  title={Word and object},
  author={Quine, Willard Van Orman},
  year={1960},
  publisher={MIT press}
}

@book{cangelosi2002simulating,
  title={Simulating the evolution of language},
  author={Cangelosi, Angelo and Parisi, Domenico},
  volume={1},
  year={2002},
  publisher={Springer London}
}

@article{clark1991grounding,
  title={Grounding in communication},
  author={Clark, Herbert H and Brennan, Susan E},
  journal={Perspectives on socially shared cognition},
  volume={13},
  number={1991},
  pages={127--149},
  year={1991}
}

@inproceedings{wittenburg2006elan,
  title={Elan: a professional framework for multimodality research},
  author={Wittenburg, Peter and Brugman, Hennie and Russel, Albert and Klassmann, Alex and Sloetjes, Han},
  booktitle={Proceedings of LREC},
  volume={2006},
  year={2006}
}