@article{breazeal2004tutelage,
  title={Tutelage and collaboration for humanoid robots},
  author={Breazeal, Cynthia and Brooks, Andrew and Gray, Jesse and Hoffman, Guy and Kidd, Cory and Lee, Hans and Lieberman, Jeff and Lockerd, Andrea and Chilongo, David},
  journal={International Journal of Humanoid Robotics},
  volume={1},
  number={02},
  pages={315--348},
  year={2004},
  publisher={World Scientific}
}

@inproceedings{akgun12hri,
  Author = {B. Akgun and M. Cakmak and J. W. Yoo and A.L. Thomaz},
  Title = {Trajectories and Keyframes for Kinesthetic Teaching: A Human-Robot Interaction Perspective},
  Booktitle = {Proceedings of the International Conference on Human-Robot Interaction (HRI)},
  Year = {2012}
}

@article{thomaz2008teachable,
  author = {Andrea L. Thomaz and Cynthia Breazeal},
  title = {Teachable robots: Understanding human teaching behavior to build
  more effective robot learners},
  journal = {Artificial Intelligence Journal},
  year = {2008},
  volume = {172},
  pages = {716-737},
  owner = {mlopes},
  timestamp = {2010.11.10}
}
@inproceedings{grizou2013robot,
    title = {{Robot Learning Simultaneously a Task and How to Interpret Human Instructions}},
    author = {Grizou, Jonathan and Lopes, Manuel and Oudeyer, Pierre-Yves},
    booktitle = {{Joint IEEE International Conference on Development and Learning and on Epigenetic Robotics (ICDL-EpiRob)}},
    address = {Osaka, Japan},
    year = {2013},
}

@inproceedings{grizou2014calibration,
    title = {{Calibration-Free BCI Based Control}},
    author = {Grizou, Jonathan and Iturrate, I{\~n}aki and Montesano, Luis and Oudeyer, Pierre-Yves and Lopes, Manuel},
    booktitle = {{AAAI Conference on Artificial Intelligence}},
    address = {Quebec, Canada},
    year = {2014},
}


@article{gergely2003teleological,
  title={Teleological reasoning in infancy: The na{\i}ve theory of rational action},
  author={Gergely, Gy{\"o}rgy and Csibra, Gergely},
  journal={Trends in cognitive sciences},
  volume={7},
  number={7},
  pages={287--292},
  year={2003},
  publisher={Elsevier}
}

@inproceedings{wrede2012towards,
  title={Towards robots with teleological action and language understanding},
  author={Wrede, Britta and Rohlfing, Katharina and Steil, Jochen and Wrede, Sebastian and Oudeyer, Pierre-Yves and Tani, Jun and others},
  booktitle={Humanoids 2012 Workshop on Developmental Robotics: Can developmental robotics yield human-like cognitive abilities?},
  year={2012}
}

@article{galantucci2009experimental,
  title={Experimental semiotics: A new approach for studying communication as a form of joint action},
  author={Galantucci, Bruno},
  journal={Topics in Cognitive Science},
  volume={1},
  number={2},
  pages={393--410},
  year={2009},
  publisher={Wiley Online Library}
}

@article{galantucci2005experimental,
  title={An experimental study of the emergence of human communication systems},
  author={Galantucci, Bruno},
  journal={Cognitive science},
  volume={29},
  number={5},
  pages={737--767},
  year={2005},
  publisher={Wiley Online Library}
}

@article{galantucci2011experimental,
  title={Experimental semiotics: a review},
  author={Galantucci, Bruno and Garrod, Simon},
  journal={Frontiers in human neuroscience},
  volume={5},
  year={2011},
  publisher={Frontiers Research Foundation}
}

@article{ware1993foundations,
  title={The foundations of experimental semiotics: a theory of sensory and conventional representation},
  author={Ware, Colin},
  journal={Journal of Visual Languages \& Computing},
  volume={4},
  number={1},
  pages={91--100},
  year={1993},
  publisher={Elsevier}
}


@inproceedings{rohlfing2013learning,
    title = {Learning new words in unfamiliar frames from direct and indirect teaching},
    author = {Rohlfing, Katharina J. and Poblete, Juana Salas and Joublin, Frank},
    booktitle={17th Workshop on the Semantics and Pragmatics of Dialogue (SemDial)},
    pages={121â€”130},
    year = {2013},
}

@article{pickering2004toward,
  title={Toward a mechanistic psychology of dialogue},
  author={Pickering, Martin J and Garrod, Simon},
  journal={Behavioral and brain sciences},
  volume={27},
  number={2},
  pages={169--189},
  year={2004},
  publisher={Cambridge Univ Press}
}

@inproceedings{griffiths2012bottom,
  title={Bottom-up learning of feedback in a categorization task},
  author={Griffiths, S. and Nolfi, S. and Morlino, G. and Schillingmann, L. and Kuehnel, S. and Rohlfing, K. and Wrede, B.},
  booktitle={Development and Learning and Epigenetic Robotics (ICDL), 2012 IEEE International Conference on},
  pages={1--6},
  year={2012},
  organization={IEEE}
}

@article{goodwin1995co,
  title={Co-constructing meaning in conversations with an aphasic man},
  author={Goodwin, Charles},
  journal={Research on language and social interaction},
  volume={28},
  number={3},
  pages={233--260},
  year={1995}
}

@article{de2010exploring,
  title={Exploring the cognitive infrastructure of communication},
  author={De Ruiter, Jan Peter and Noordzij, Matthijs L and Newman-Norlund, Sarah and Newman-Norlund, Roger and Hagoort, Peter and Levinson, Stephen C and Toni, Ivan},
  journal={Interaction Studies},
  volume={11},
  number={1},
  pages={51--77},
  year={2010},
  publisher={John Benjamins Publishing Company}
}

@article{allwood1992semantics,
  title={On the semantics and pragmatics of linguistic feedback},
  author={Allwood, Jens and Nivre, Joakim and Ahls{\'e}n, Elisabeth},
  journal={Journal of semantics},
  volume={9},
  number={1},
  pages={1--26},
  year={1992},
  publisher={Oxford Univ Press}
}

@inproceedings{morlino2010developing,
  title={Developing the Ability to Manipulate Objects: A Comparative Study with Human and Artificial Agents},
  author={Morlino, Giuseppe and Gianelli, Claudia and Borghi, Anna M and Nolfi, Stefano},
  booktitle={Processings of the Tenth International Conference on Epigenetic Robotics},
  pages={169--170},
  year={2010}
}

@book{quine1960word,
  title={Word and object},
  author={Quine, Willard Van Orman},
  year={1960},
  publisher={MIT press}
}

@book{cangelosi2002simulating,
  title={Simulating the evolution of language},
  author={Cangelosi, Angelo and Parisi, Domenico},
  year={2002},
  publisher={Springer London}
}

@article{clark1991grounding,
  title={Grounding in communication},
  author={Clark, Herbert H and Brennan, Susan E},
  journal={Perspectives on socially shared cognition},
  volume={13},
  number={1991},
  pages={127--149},
  year={1991}
}

@inproceedings{wittenburg2006elan,
  title={Elan: a professional framework for multimodality research},
  author={Wittenburg, Peter and Brugman, Hennie and Russel, Albert and Klassmann, Alex and Sloetjes, Han},
  booktitle={Proceedings of LREC},
  volume={2006},
  year={2006}
}

@article{lohse2010investigating,
  title={Investigating the influence of situations and expectations on user behavior: empirical analyses in human-robot interaction},
  author={Lohse, Manja},
  year={2010}
}

@article{ochs1979propositions,
  title={Propositions across utterances and speakers},
  author={Ochs, Elinor and Schieffelin, Bambi B and Platt, Martha},
  journal={Developmental pragmatics},
  pages={251--268},
  year={1979},
  publisher={Academic New York}
}

@inproceedings{michalowski2007dancing,
  title={A dancing robot for rhythmic social interaction},
  author={Michalowski, Marek P and Sabanovic, Selma and Kozima, Hideki},
  booktitle={Human-Robot Interaction (HRI), 2007 2nd ACM/IEEE International Conference on},
  pages={89--96},
  year={2007},
  organization={IEEE}
}

@inproceedings{fischer2013impact,
  title={The impact of the contingency of robot feedback on HRI},
  author={Fischer, Kerstin and Lohan, Katrin and Saunders, Joe and Nehaniv, Chrystopher and Wrede, Britta and Rohlfing, Katharina},
  booktitle={Collaboration Technologies and Systems (CTS), 2013 International Conference on},
  pages={210--217},
  year={2013},
  organization={IEEE}
}

@article{wrede2010appropriate,
  title={Appropriate feedback in asymmetric interactions},
  author={Wrede, Britta and Kopp, Stefan and Rohlfing, Katharina and Lohse, Manja and Muhl, Claudia},
  journal={Journal of Pragmatics},
  volume={42},
  number={9},
  pages={2369--2384},
  year={2010},
  publisher={Elsevier}
}

@article{kopp2010social,
  title={Social resonance and embodied coordination in face-to-face conversation with artificial interlocutors},
  author={Kopp, Stefan},
  journal={Speech Communication},
  volume={52},
  number={6},
  pages={587--597},
  year={2010},
  publisher={Elsevier}
}

@article{vollmer2014robots,
  title={Robots Show Us How to Teach Them: Feedback from Robots Shapes Tutoring Behavior during Action Learning},
  author={Vollmer, Anna-Lisa and M{\"u}hlig, Manuel and Steil, Jochen J and Pitsch, Karola and Fritsch, Jannik and Rohlfing, Katharina J and Wrede, Britta},
  journal={PloS one},
  volume={9},
  number={3},
  pages={e91349},
  year={2014},
  publisher={Public Library of Science}
}

@article{pitsch2013robot,
  title={Robot feedback shapes the tutor's presentation How a robot's online gaze strategies lead to micro-adaptation of the human's conduct.},
  author={Pitsch, Karola and Vollmer, Anna-Lisa and Muhlig, Manuel},
  journal={Interaction Studies},
  volume={14},
  number={2},
  year={2013}
}

@inproceedings{cakmak2012designing,
  title={Designing robot learners that ask good questions},
  author={Cakmak, Maya and Thomaz, Andrea L},
  booktitle={Proceedings of the seventh annual ACM/IEEE international conference on Human-Robot Interaction},
  pages={17--24},
  year={2012},
  organization={ACM}
}

@book{steels2012experiments,
  title={Experiments in cultural language evolution},
  author={Steels, Luc},
  volume={3},
  year={2012},
  publisher={John Benjamins Publishing}
}

@book{tomasello2009cultural,
  title={The cultural origins of human cognition},
  author={Tomasello, Michael},
  year={2009},
  publisher={Harvard University Press}
}

@book{ninio1996pragmatic,
  title={Pragmatic development.},
  author={Ninio, Anat and Snow, Catherine E},
  year={1996},
  publisher={Westview Press}
}

@article{cangelosi2010integration,
  title={Integration of action and language knowledge: A roadmap for developmental robotics},
  author={Cangelosi, Angelo and Metta, Giorgio and Sagerer, Gerhard and Nolfi, Stefano and Nehaniv, Chrystopher and Fischer, Kerstin and Tani, Jun and Belpaeme, Tony and Sandini, Giulio and Nori, Francesco and others},
  journal={Autonomous Mental Development, IEEE Transactions on},
  volume={2},
  number={3},
  pages={167--195},
  year={2010},
  publisher={IEEE}
}

@inproceedings{vollmer2010developing,
  title={Developing feedback: How children of different age contribute to a tutoring interaction with adults},
  author={Vollmer, A-L and Pitsch, Karola and Lohan, Katrin S and Fritsch, Jannik and Rohlfing, Katharina J and Wrede, Britta},
  booktitle={Development and Learning (ICDL), 2010 IEEE 9th International Conference on},
  pages={76--81},
  year={2010},
  organization={IEEE}
}

@book{breazeal2004designing,
  title={Designing sociable robots},
  author={Breazeal, Cynthia L},
  year={2004},
  publisher={MIT press}
}